<record><leader>00000cas a2200000 a 4500</leader><controlfield tag="001">9263895</controlfield><controlfield tag="008">830228d18151818aluwr ne      0   a0eng  </controlfield><datafield ind1=" " ind2=" " tag="010"><subfield code="a">sn 82016253 </subfield></datafield><datafield ind1=" " ind2=" " tag="040"><subfield code="a">DLC</subfield><subfield code="b">eng</subfield><subfield code="c">DLC</subfield><subfield code="d">NPX</subfield><subfield code="d">DLC</subfield><subfield code="d">MSJ</subfield><subfield code="d">MGN</subfield><subfield code="d">IUL</subfield><subfield code="d">NVK</subfield><subfield code="d">OBN</subfield><subfield code="d">OCL</subfield><subfield code="d">CVF</subfield><subfield code="d">OCLCG</subfield><subfield code="d">CRL</subfield><subfield code="d">OCLCQ</subfield><subfield code="d">OCLCF</subfield><subfield code="d">CUS</subfield><subfield code="d">DLC</subfield></datafield><datafield ind1="0" ind2=" " tag="022"><subfield code="a">2574-7339</subfield><subfield code="2">1</subfield></datafield><datafield ind1=" " ind2=" " tag="042"><subfield code="a">pcc</subfield><subfield code="a">nsdp</subfield></datafield><datafield ind1=" " ind2=" " tag="043"><subfield code="a">n-us-al</subfield></datafield><datafield ind1="0" ind2="0" tag="050"><subfield code="a">Newspaper 7003-X</subfield></datafield><datafield ind1="1" ind2="4" tag="050"><subfield code="a">AN</subfield></datafield><datafield ind1="0" ind2=" " tag="130"><subfield code="a">Halcyon (Saint Stephens, Ala.)</subfield></datafield><datafield ind1=" " ind2="4" tag="222"><subfield code="a">The halcyon</subfield><subfield code="b">(Saint Stephens, Ala.)</subfield></datafield><datafield ind1="1" ind2="4" tag="245"><subfield code="a">The halcyon.</subfield></datafield><datafield ind1=" " ind2=" " tag="260"><subfield code="a">St. Stephens, M.T. [i.e. Ala.] :</subfield><subfield code="b">Thomas Eastin</subfield></datafield><datafield ind1=" " ind2=" " tag="300"><subfield code="a">v. ;</subfield><subfield code="c">46 cm.</subfield></datafield><datafield ind1=" " ind2=" " tag="310"><subfield code="a">Weekly</subfield></datafield><datafield ind1="1" ind2=" " tag="362"><subfield code="a">Began in 1815; ceased in 1818.</subfield></datafield><datafield ind1=" " ind2=" " tag="530"><subfield code="a">Available on microfilm from the University of Alabama, and on microopaque by Readex Microprint Corp.</subfield></datafield><datafield ind1=" " ind2=" " tag="588"><subfield code="a">Description based on: Vol. 2, no. 48 (Feb. 28, 1817).</subfield></datafield><datafield ind1=" " ind2="0" tag="651"><subfield code="a">Saint Stephens (Ala.)</subfield><subfield code="v">Newspapers.</subfield></datafield><datafield ind1=" " ind2="0" tag="651"><subfield code="a">Washington County (Ala.)</subfield><subfield code="v">Newspapers.</subfield></datafield><datafield ind1=" " ind2="7" tag="651"><subfield code="a">Alabama</subfield><subfield code="z">Saint Stephens.</subfield><subfield code="2">fast</subfield><subfield code="0">(OCoLC)fst01866722</subfield></datafield><datafield ind1=" " ind2="7" tag="651"><subfield code="a">Alabama</subfield><subfield code="z">Washington County.</subfield><subfield code="2">fast</subfield><subfield code="0">(OCoLC)fst01221596</subfield></datafield><datafield ind1=" " ind2="7" tag="655"><subfield code="a">Newspapers.</subfield><subfield code="2">fast</subfield><subfield code="0">(OCoLC)fst01423814</subfield></datafield><datafield ind1="1" ind2=" " tag="700"><subfield code="a">Eastin, Thomas,</subfield><subfield code="d">1790-1865.</subfield></datafield><datafield ind1=" " ind2=" " tag="752"><subfield code="a">United States</subfield><subfield code="b">Alabama</subfield><subfield code="c">Washington</subfield><subfield code="d">Saint Stephens.</subfield></datafield><datafield ind1="0" ind2="0" tag="785"><subfield code="t">Halcyon and Tombeckbe public advertiser</subfield><subfield code="x">2574-7355</subfield><subfield code="w">(DLC)sn 85025925</subfield><subfield code="w">(OCoLC)2704185</subfield></datafield><datafield ind1="4" ind2="1" tag="856"><subfield code="3">06/02/1818.</subfield><subfield code="u">http://infoweb.newsbank.com/?db=EANX&amp;s_browseRef=decades/10FC2A8A9ECECF70/all.xml</subfield></datafield><datafield ind1="1" ind2=" " tag="029"><subfield code="a">AU@</subfield><subfield code="b">000020442787</subfield></datafield></record>